<?xml version="1.0" encoding="UTF-8"?><collection xmlns="http://www.loc.gov/MARC21/slim"><record><leader>00431nam--2200145-i-4500</leader><controlfield tag="001">000040928</controlfield><controlfield tag="002">20161230</controlfield><controlfield tag="005">20161230201042</controlfield><controlfield tag="008">060222s1000------------r-----000-0-eng-d</controlfield><datafield ind1=" " ind2=" " tag="080"><subfield code="a">541.123:546.3</subfield></datafield><datafield ind1=" " ind2=" " tag="245"><subfield code="a">Alkali metal, alkaline-earth metal and ammonium halides. amide solvents</subfield></datafield><datafield ind1=" " ind2=" " tag="260"><subfield code="a">Oxford, Pergamon Press, 1980, Xx+354p</subfield></datafield><datafield ind1=" " ind2=" " tag="490"><subfield code="a">Solubility Data Series</subfield></datafield><datafield ind1=" " ind2=" " tag="700"><subfield code="a">Scrosati, Bruno And Vincent, C.A</subfield></datafield><datafield ind1=" " ind2=" " tag="852"><subfield code="a">47014</subfield></datafield></record></collection>